@Aarticle{tag,
    author = {Первый Автор and Второй Автор and Остальные Авторы},
    title = {Название статьи},
    year = {Год},
    journal = {Название журнала},
    volume = {Номер тома или выпуска},
    number = {Номер журнала},
    pages = {Диапазон страниц, например, 10--15},
      
    }
@Book{tag,
    author    = {Первый Автор and Второй Автор and Остальные Авторы},
    date      = {Год издания},
    title     = {Название книги},
    address   = {Город издания}
    pages     = {Количество страниц},
    publisher = {Издательство}
    }